<record><leader>00000cas a22000007a 4500</leader><controlfield tag="001">9825237</controlfield><controlfield tag="008">830819d18681877nyuwr ne      0    0eng d</controlfield><controlfield tag="009">3781</controlfield><datafield ind1=" " ind2=" " tag="010"><subfield code="a">sn 83031224 </subfield></datafield><datafield ind1=" " ind2=" " tag="040"><subfield code="a">NPU</subfield><subfield code="b">eng</subfield><subfield code="c">NPU</subfield><subfield code="d">NPX</subfield><subfield code="d">NYS</subfield><subfield code="d">NVF</subfield><subfield code="d">OCLCQ</subfield></datafield><datafield ind1=" " ind2=" " tag="042"><subfield code="a">msc</subfield></datafield><datafield ind1="0" ind2=" " tag="130"><subfield code="a">Republican and Democrat (Cooperstown, N.Y. : 1868)</subfield></datafield><datafield ind1="0" ind2="0" tag="245"><subfield code="a">Republican and Democrat.</subfield></datafield><datafield ind1=" " ind2=" " tag="260"><subfield code="a">Cooperstown, N.Y. :</subfield><subfield code="b">James I. Hendryx</subfield></datafield><datafield ind1=" " ind2=" " tag="300"><subfield code="a">v. ;</subfield><subfield code="c">68-75 cm.</subfield></datafield><datafield ind1=" " ind2=" " tag="310"><subfield code="a">Weekly</subfield></datafield><datafield ind1="0" ind2=" " tag="362"><subfield code="a">New ser., vol. 13, no. 16 (Jan. 4, 1868)-v. 23, no. 17 (Dec. 27, 1877).</subfield></datafield><datafield ind1=" " ind2=" " tag="500"><subfield code="a">Publishers: James I. Hendryx, &lt;1868-1871&gt;; James I. Hendryx &amp; Son, &lt;1873-1874&gt;; Russell &amp; Davidson, &lt;1875-1876&gt;.</subfield></datafield><datafield ind1=" " ind2=" " tag="500"><subfield code="a">"Republican."</subfield></datafield><datafield ind1=" " ind2=" " tag="500"><subfield code="a">Editors: James I. Hendryx, &lt;1868-1874&gt;; A.G. Parker, &lt;1868-1869&gt;; Charles F. Hendryx, &lt;1870-1874&gt;; Andrew Davidson, &lt;1876&gt;.</subfield></datafield><datafield ind1=" " ind2="4" tag="651"><subfield code="a">Cooperstown</subfield><subfield code="v">Newspapers.</subfield></datafield><datafield ind1="1" ind2=" " tag="700"><subfield code="a">Hendryx, James I.</subfield></datafield><datafield ind1="1" ind2=" " tag="700"><subfield code="a">Hendryx, Charles F.</subfield></datafield><datafield ind1=" " ind2=" " tag="752"><subfield code="a">United States</subfield><subfield code="b">New York</subfield><subfield code="c">Otsego</subfield><subfield code="d">Cooperstown.</subfield></datafield><datafield ind1="0" ind2="0" tag="780"><subfield code="t">Otsego Republican (Cooperstown, N.Y. : 1861)</subfield><subfield code="w">(DLC)sn 85026330</subfield></datafield><datafield ind1="0" ind2="0" tag="785"><subfield code="t">Otsego Republican (Cooperstown, N.Y. : 1878)</subfield><subfield code="w">(DLC)sn 83031220</subfield></datafield></record>